<record><leader>00000cas a22000007a 4500</leader><controlfield tag="001">15080420</controlfield><controlfield tag="008">870116u1980uuuuinuwr ne      0    0eng d</controlfield><datafield ind1=" " ind2=" " tag="010"><subfield code="a">sn 87055065 </subfield></datafield><datafield ind1=" " ind2=" " tag="040"><subfield code="a">NPI</subfield><subfield code="b">eng</subfield><subfield code="c">NPI</subfield><subfield code="d">OCLCQ</subfield></datafield><datafield ind1=" " ind2=" " tag="042"><subfield code="a">msc</subfield></datafield><datafield ind1="0" ind2="4" tag="082"><subfield code="a">070</subfield></datafield><datafield ind1="0" ind2=" " tag="130"><subfield code="a">Community express (Marion, Ind.)</subfield></datafield><datafield ind1="1" ind2="0" tag="245"><subfield code="a">Community express.</subfield></datafield><datafield ind1=" " ind2=" " tag="260"><subfield code="a">Marion, Ind. :</subfield><subfield code="b">[s.n.],</subfield><subfield code="c">1980-</subfield></datafield><datafield ind1=" " ind2=" " tag="300"><subfield code="a">v.</subfield></datafield><datafield ind1=" " ind2=" " tag="310"><subfield code="a">Weekly</subfield></datafield><datafield ind1="0" ind2=" " tag="362"><subfield code="a">Vol. 1, no. 1 (Mar. 20-26, 1980)-</subfield></datafield><datafield ind1=" " ind2=" " tag="752"><subfield code="a">United States</subfield><subfield code="b">Indiana</subfield><subfield code="c">Grant</subfield><subfield code="d">Marion.</subfield></datafield></record>